@incollection{NIPS2014_5477,
title = {Neural Word Embedding as Implicit Matrix Factorization},
author = {Levy, Omer and Goldberg, Yoav},
booktitle = {Advances in Neural Information Processing Systems 27},
editor = {Z. Ghahramani and M. Welling and C. Cortes and N.D. Lawrence and K.Q. Weinberger},
pages = {2177--2185},
year = {2014},
publisher = {Curran Associates, Inc.},
url = {http://papers.nips.cc/paper/5477-neural-word-embedding-as-implicit-matrix-factorization.pdf}
}

